<record><leader>00000cas a2200000 a 4500</leader><controlfield tag="001">11529966</controlfield><controlfield tag="008">841228d18951906ksuwr ne      0   a0eng d</controlfield><datafield ind1=" " ind2=" " tag="010"><subfield code="a">sn 84030401 </subfield></datafield><datafield ind1=" " ind2=" " tag="040"><subfield code="a">KSH</subfield><subfield code="b">eng</subfield><subfield code="c">KSH</subfield><subfield code="d">NPT</subfield><subfield code="d">OCL</subfield><subfield code="d">OCLCQ</subfield></datafield><datafield ind1=" " ind2=" " tag="042"><subfield code="a">msc</subfield></datafield><datafield ind1="0" ind2=" " tag="130"><subfield code="a">Attica independent (Attica, Kan. : 1895)</subfield></datafield><datafield ind1="1" ind2="4" tag="245"><subfield code="a">The Attica independent.</subfield></datafield><datafield ind1=" " ind2=" " tag="260"><subfield code="a">Attica, Kan. :</subfield><subfield code="b">L.B. Wilson,</subfield><subfield code="c">1895-1906.</subfield></datafield><datafield ind1=" " ind2=" " tag="300"><subfield code="a">11 v. :</subfield><subfield code="b">ill. ;</subfield><subfield code="c">39-55 cm.</subfield></datafield><datafield ind1=" " ind2=" " tag="310"><subfield code="a">Weekly</subfield></datafield><datafield ind1="0" ind2=" " tag="362"><subfield code="a">Vol. 1, no. 1 (Aug. 23, 1895)-v. 11, no. 44 (Apr. 20, 1906).</subfield></datafield><datafield ind1=" " ind2=" " tag="500"><subfield code="a">Publisher varies.</subfield></datafield><datafield ind1=" " ind2=" " tag="525"><subfield code="a">Some issues have supplements.</subfield></datafield><datafield ind1=" " ind2=" " tag="752"><subfield code="a">United States</subfield><subfield code="b">Kansas</subfield><subfield code="c">Harper</subfield><subfield code="d">Attica.</subfield></datafield><datafield ind1="0" ind2="0" tag="785"><subfield code="t">Independent (Attica, Kan.)</subfield><subfield code="w">(DLC)sn 84030396</subfield></datafield></record>